@INPROCEEDINGS{2004AAS...20510811A,
   author = {{Axelrod}, T. and {Connolly}, A. and {Ivezic}, Z. and {Kantor}, J. and
    {Lupton}, R. and {Plante}, R. and {Stubbs}, C. and {Wittman}, D.
    },
    title = "{The LSST Data Processing Pipeline}",
booktitle = {American Astronomical Society Meeting Abstracts},
     year = 2004,
   series = {Bulletin of the American Astronomical Society},
   volume = 36,
    month = dec,
      eid = {108.11},
    pages = {1529},
   adsurl = {http://adsabs.harvard.edu/abs/2004AAS...20510811A},
  adsnote = {Provided by the SAO/NASA Astrophysics Data System}
}



@ARTICLE{2008arXiv0805.2366I,
  author =       {{Ivezic}, Z. and others},
  title =        "{LSST: from Science Drivers to Reference Design and
                  Anticipated Data Products}",
  journal =      {ArXiv e-prints},
  archivePrefix ="arXiv",
  eprint =       {arXiv:0805.2366},
  keywords =     {Astrophysics},
  year =         2008,
  month =        may,
  adsurl =       {http://adsabs.harvard.edu/abs/2008arXiv0805.2366I},
  adsnote =      {Provided by the SAO/NASA Astrophysics Data System}
}

@ARTICLE{2009arXiv0912.0201L,
  author =       {{LSST Science Collaboration}},
  title =        "{LSST Science Book, Version 2.0}",
  journal =      {ArXiv e-prints},
  archivePrefix ="arXiv",
  eprint =       {arXiv:0912.0201},
  primaryClass = "astro-ph.IM",
  keywords =     {Astrophysics - Instrumentation and Methods for
                  Astrophysics, Astrophysics - Cosmology and
                  Extragalactic Astrophysics, Astrophysics - Earth and
                  Planetary Astrophysics, Astrophysics - Galaxy
                  Astrophysics, Astrophysics - Solar and Stellar
                  Astrophysics},
  year =         2009,
  month =        dec,
  adsurl =       {http://adsabs.harvard.edu/abs/2009arXiv0912.0201L},
  adsnote =      {Provided by the SAO/NASA Astrophysics Data System}
}

@INPROCEEDINGS{2015arXiv151207914J,
   author = {{Juri{\'c}}, M. and others},
    title = "{The LSST Data Management System}",
booktitle = "Astronomical Data Analysis Software and Systems XXV",
   editor = "Lorente, N.~P.~F.",
   series = "ASP Conf.\ Ser.",
   volume = "in press",
     note = {\arxiv{1512.07914}},
 primaryClass = "astro-ph.IM",
 keywords = {Astrophysics - Instrumentation and Methods for Astrophysics},
     year = 2016,
    month = dec,
   adsurl = {http://adsabs.harvard.edu/abs/2015arXiv151207914J},
  adsnote = {Provided by the SAO/NASA Astrophysics Data System}
}

